@book{goodfellow2016deep,
  title     = {Deep Learning},
  author    = {Goodfellow, Ian and Bengio, Yoshua and Courville, Aaron},
  year      = {2016},
  publisher = {MIT Press},
  url       = {https://www.deeplearningbook.org/},
  note      = {Accessed 2025-08-15}
}

@misc{ctan:graphicx,
  title        = {graphicx},
  howpublished = {\url{https://ctan.org/pkg/graphicx}},
  note         = {Accessed 2025-08-15}
}

@misc{ctan:float,
  title        = {float},
  howpublished = {\url{https://ctan.org/pkg/float}},
  note         = {Accessed 2025-08-15}
}

@misc{ctan:booktabs,
  title        = {booktabs},
  howpublished = {\url{https://ctan.org/pkg/booktabs}},
  note         = {Accessed 2025-08-15}
}

@misc{ctan:parskip,
  title        = {parskip},
  howpublished = {\url{https://ctan.org/pkg/parskip}},
  note         = {Accessed 2025-08-15}
}

@misc{ctan:geometry,
  title        = {geometry},
  howpublished = {\url{https://ctan.org/pkg/geometry}},
  note         = {Accessed 2025-08-15}
}

@misc{ctan:array,
  title        = {array},
  howpublished = {\url{https://ctan.org/pkg/array}},
  note         = {Accessed 2025-08-15}
}

@misc{ctan:multicol,
  title        = {multicol},
  howpublished = {\url{https://ctan.org/pkg/multicol}},
  note         = {Accessed 2025-08-15}
}

@misc{ctan:titling,
  title        = {titling},
  howpublished = {\url{https://ctan.org/pkg/titling}},
  note         = {Accessed 2025-08-15}
}

@misc{ctan:amsmath,
  title        = {amsmath},
  howpublished = {\url{https://ctan.org/pkg/amsmath}},
  note         = {Accessed 2025-08-15}
}

@misc{ctan:amsfonts,
  title        = {amsfonts (includes amssymb)},
  howpublished = {\url{https://ctan.org/pkg/amsfonts}},
  note         = {Accessed 2025-08-15}
}

@misc{ctan:mathrsfs,
  title        = {mathrsfs},
  howpublished = {\url{https://ctan.org/pkg/mathrsfs}},
  note         = {Accessed 2025-08-15}
}

@misc{ctan:stmaryrd,
  title        = {stmaryrd},
  howpublished = {\url{https://ctan.org/pkg/stmaryrd}},
  note         = {Accessed 2025-08-15}
}

@misc{ctan:mathpartir,
  title        = {mathpartir},
  howpublished = {\url{https://ctan.org/pkg/mathpartir}},
  note         = {Accessed 2025-08-15}
}

@misc{ctan:semantic,
  title        = {semantic},
  howpublished = {\url{https://ctan.org/pkg/semantic}},
  note         = {Accessed 2025-08-15}
}

@misc{ctan:tcolorbox,
  title        = {tcolorbox},
  howpublished = {\url{https://ctan.org/pkg/tcolorbox}},
  note         = {Accessed 2025-08-15}
}

@misc{ctan:listingsutf8,
  title        = {listingsutf8},
  howpublished = {\url{https://ctan.org/pkg/listingsutf8}},
  note         = {Accessed 2025-08-15}
}

@misc{ctan:algorithms,
  title        = {algorithms},
  howpublished = {\url{https://ctan.org/pkg/algorithms}},
  note         = {Accessed 2025-08-15}
}

@misc{ctan:algorithmicx,
  title        = {algorithmicx},
  howpublished = {\url{https://ctan.org/pkg/algorithmicx}},
  note         = {Accessed 2025-08-15}
}

@misc{ctan:algpseudocodex,
  title        = {algpseudocodex},
  howpublished = {\url{https://ctan.org/pkg/algpseudocodex}},
  note         = {Accessed 2025-08-15}
}

@misc{ctan:xcolor,
  title        = {xcolor},
  howpublished = {\url{https://ctan.org/pkg/xcolor}},
  note         = {Accessed 2025-08-15}
}

@misc{ctan:soul,
  title        = {soul},
  howpublished = {\url{https://ctan.org/pkg/soul}},
  note         = {Accessed 2025-08-15}
}

@misc{ctan:enumitem,
  title        = {enumitem},
  howpublished = {\url{https://ctan.org/pkg/enumitem}},
  note         = {Accessed 2025-08-15}
}

@misc{ctan:gensymb,
  title        = {gensymb},
  howpublished = {\url{https://ctan.org/pkg/gensymb}},
  note         = {Accessed 2025-08-15}
}

@misc{ctan:natbib,
  title        = {natbib},
  howpublished = {\url{https://ctan.org/pkg/natbib}},
  note         = {Accessed 2025-08-15}
}

@misc{ctan:hyperref,
  title        = {hyperref},
  howpublished = {\url{https://ctan.org/pkg/hyperref}},
  note         = {Accessed 2025-08-15}
}